@misc{1,
  author = {NIH Biomedical Information Science and Technology Initiative Consortium},
  title = {{NIH working definition of bioinformatics and computational biology}},
  howpublished = "\url{https://web.archive.org/web/20120905155331/http://www.bisti.nih.gov/docs/CompuBioDef.pdf}",
  year = {2000}, 
}

@article{2,
	author= {D. Searls},
	title= {{Computational Methods in Molecular Biology}},
}